@book{Abramovich:02,
	author = "Y.~A.~Abramovich and Charalambos D.~Aliprantis",
	title = "An Invitation to Operator Theory",
	publisher = "American Mathematical Society",
	year = "2002"
}

@Article{Abrusci:91,
	author = "V.~M.~Abrusci",
	year = "1991",
	title = "Phase semantics and sequent calculus for pure Noncommutative Classical Linear Propositional Logic",
	journal = "The Journal of Symbolic Logic",
	volume = "56",
	pages = "1403--1451" 
}

@Article{Alfonseca:02,
  author =	"Enrique Alfonseca and Suresh Manandhar",
  title =	"Extending a Lexical Ontology by a Combination of
		 Distributional Semantics Signatures",
  journal =	"Lecture Notes in Computer Science",
  volume =	"2473",
  year = 	"2002"
 }

@Book{Aliprantis:85,
	author = "Charalambos D.~Aliprantis and Owen Burkinshaw",
	title = "Positive Operators",
	publisher = "Academic Press",
	year = "1985"
}

@Article{Bangalore:99,
  title =	"Supertagging: An Approach to Almost Parsing",
  author =	"Srinivas Bangalore and Aravind K. Joshi",
  journal =	"Computational Linguistics",
  year = 	"1999",
  number =	"2",
  volume =	"25",
  bibdate =	"2002-01-03",
  bibsource =	"DBLP,
		 http://dblp.uni-trier.de/db/journals/coling/coling25.html#BangaloreJ99",
  pages =	"237--265",
}

@inproceedings{Bar-Haim:06,
	author = "Roy Bar-Haim and Ido Dagan and Bill Dolan and Lisa Ferro and Danilo Giampiccolo and Bernardo Magnini and Idan Szpektor",
	year = "2006",
	title = "The Second PASCAL Recognising Textual Entailment Challenge",
	booktitle = "Proceedings of the Second PASCAL Challenges Workshop on Recognising Textual Entailment"
}

@Book{Bar-Hillel:64,
  year =        {1964},
  annote =      "barhillel64",
  address =     "Reading, MA.",
  title =       "Language and Information: Selected Essays on their Theory and Application",
  publisher =   "Addison-Wesley Publishing Co.",
  key =         "Bar-Hillel",
  author =      "Yehoshua Bar-Hillel"
}


@Article{Bar-Hillel:50,
  title =       "On Syntactical Categories",
  author =      "Yehoshua Bar-Hillel",
  journal =     "Journal of Symbolic Logic",
  year =        "1950",
  number =      "1",
  volume =      "15",
  bibdate =     "2003-11-20",
  pages =       "1--16"
}

@Article{Barwise:81,
  author =       "Jon Barwise and Robin Cooper",
  title =        "Generalized Quantifiers and Natural Language",
  year =         "1981",
  journal =      "Linguistics and Philosophy",
  pages =        "159--219",
  volume =       "4",
}

@book{Birkhoff:48,
  author =       "Garrett Birkhoff",
  title =        "Lattice Theory",
  publisher =      "Amer. Math. Soc. Colloquium Publications",
  year =         "1973",
  address =      "New York"
}

@book{Blackburn:05,
	author = "Patrick Blackburn and Johan Bos",
	title = "Representation and Inference for Natural Language",
	year = "2005",
	publisher = "CSLI"
}

@Article{Blei:03,
  author =	"David M. Blei and Andrew Y. Ng and Michael I. Jordan",
  title =	"Latent {Dirichlet} Allocation",
  journal =	"Journal of Machine Learning Research",
  volume =	"3",
  year = 	"2003",
  pages =	"993--1022",
}

@book{Borowski:99,
	author = "E.~J.~Borowski and J.~M.~Borwein",
	title = "Dictionary of Mathematics",
	publisher = "Unwin Hyman",
	year = "1999"
}

@inproceedings{Bos:05,
	author = "Johan Bos",
	year = "2005",
	title = "Towards wide-coverage semantic interpretation",
	booktitle = "Proceedings of Sixth International Workshop on Computational Semantics IWCS-6",
	pages = "42?53",
}

@InProceedings{Boyd-Graber:07,
  author    = {Boyd-Graber, Jordan  and  Blei, David  and  Zhu, Xiaojin},
  title     = {A Topic Model for Word Sense Disambiguation},
  booktitle = {Proceedings of the 2007 Joint Conference on Empirical Methods in Natural Language Processing and Computational Natural Language Learning (EMNLP-CoNLL)},
  pages     = {1024--1033},
year = {2007}
}

@inproceedings{Bos:06,
	title = "When logical inference helps determining textual entailment (and when it {doesn't}) ",
	author = "Johan Bos and Katja Markert",
	booktitle = "Proceedings of the Second PASCAL Challenges Workshop on Recognising Textual Entailment",
	year = "2006",
}

@inproceedings{Briscoe:02,
	author = "E. Briscoe and John Carroll",
	title = "Robust accurate statistical annotation of general text",
	booktitle = "Third International Conference on Language Resources and Evaluation, Las Palmas, Gran Canaria",
	year = "2002",
	pages = "1499--1504",
}

@inproceedings{Briscoe:06,
	author = "E.~Briscoe and John Carroll and R.~Watson",
	year =  "2006",
	title = "The Second Release of the RASP System",
	booktitle = "Proceedings of the COLING/ACL 2006 Interactive Presentation Sessions, Sydney, Australia",
}

@article{Budanitsky:06,
	author="Alexander Budanitsky and Graeme Hirst",
	title="Evaluating WordNet-based measures of semantic distance",
	journal="Computational Linguistics",
	volume="32(1)",
	year="2006",
	pages="13--47"
}

@InProceedings{Cai:07,
  author    = {Cai, Junfu  and  Lee, Wee Sun  and  Teh, Yee Whye},
  title     = {Improving Word Sense Disambiguation Using Topic Features},
  booktitle = {Proceedings of the 2007 Joint Conference on Empirical Methods in Natural Language Processing and Computational Natural Language Learning (EMNLP-CoNLL)},
  pages     = {1015--1023},
  year = {2007}
}

@Article{Casadio:02,
  title =       "A Tale of Four Grammars",
  author =      "Claudia Casadio and Joachim Lambek",
  journal =     "Studia Logica",
  year =        "2002",
  number =      "3",
  volume =      "71",
  bibdate =     "2002-11-26",
  bibsource =   "DBLP,
                 http://dblp.uni-trier.de/db/journals/sLogica/sLogica71.html#CasadioL02",
  pages =       "315--329",
}


@phdthesis{Chen:02,
	author = "Joseph C.~H.~Chen",
	school = "Dept.~of Computer Science, U. of Hamburg",
	title = "Quantum Computation and Natural Language Processing",
	year = "2002"
}

@inproceedings{Clark:07,
	title = "Combining Symbolic and Distributional Models of Meaning",
	author = "Stephen Clark and Stephen Pulman",
	booktitle = "Proceedings of the AAAI Spring Symposium on Quantum Interaction",
	pages = "52--55",
	address = "Stanford, CA",
	year = "2007"
}

@book{Clarke:03,
    author = {Daoud Clarke},
    title = {A Semigroup Framework for Natutal Language Processing},
    publisher = {Masters Thesis, Dept. of Computing, Imperial College of Science, Technology and Medicine, London},
    year = {2003}
}

@inproceedings{Clarke:06,
	author = "Daoud Clarke",
	title = "Meaning as Context and Subsequence Analysis for Textual Entailment",
	booktitle = "Proceedings of the Second PASCAL Recognising Textual Entailment Challenge",
	year = "2006"
}

@InProceedings{Curran:02,
  author = 	 {James R. Curran and Marc Moens},
  title = 	 {Improvements in automatic thesaurus extraction},
  booktitle = 	 {ACL-SIGLEX Workshop on Unsupervised Lexical Acquisition},
  year =	 2002,
  address =	 {Philadelphia}
}

@inproceedings{Dagan:94,
  author =	 {Ido Dagan and Fernando Pereira and Lillian Lee},
  title =	 {Similarity-based estimation of word cooccurrence
                  probabilities},
  booktitle = 	 "32nd Annual Meeting of the ACL",
  pages =	 {272-278},
  year = 	 1994
}

@InProceedings{Dagan:97,
  title =	"Similarity-Based Methods for Word Sense
		 Disambiguation",
  author =	"Ido Dagan and Lillian Lee and Fernando C. N. Pereira",
  year = 	"1997",
  bibdate =	"2002-01-03",
  bibsource =	"DBLP,
		 http://dblp.uni-trier.de/db/conf/acl/acl97.html#DaganLP97",
  booktitle =	"ACL",
  pages =	"56--63",
}

@Article{Deerwester:90,
  author =       "Scott Deerwester and Susan Dumais and George Furnas
                 and Thomas Landauer and Richard Harshman",
  title =        "Indexing by Latent Semantic Analysis",
  journal =      "Journal of the American Society for Information
                 Science",
  year =         "1990",
  volume =       "41",
  number =       "6",
  pages =        "391--407",
  annote =       "information retrieval, document retrieval, querying,
                 factor analysis, latent semantic indexing, LSI,
                 Bellcore",
}


@inproceedings{Dolan:94,
  author    = {William B. Dolan},
  title     = {Word Sense Ambiguation: Clustering Related Senses.},
  booktitle = {COLING},
  year      = {1994},
  pages     = {712-716},
  ee        = {http://acl.ldc.upenn.edu/C/C94/C94-2113.pdf},
  bibsource = {DBLP, http://dblp.uni-trier.de}
}

@Book{Engelking:89,
  author = 	 {Ryszard Engelking},
  title = 	 {General {T}opology},
  publisher = 	 {Heldermann, Berlin},
  year = 	 1989,

}

@Book{Fellbaum:98,
  editor =	"Christaine Fellbaum",
  title =	"Word{N}et: An Electronic Lexical Database",
  publisher =	"The {MIT} Press",
  year = 	"1989",
  address =	"Cambridge, Massachusetts",
  xref = 	"Review: lin_dk:1999a.",
  topic =	"wordnet;clcourse;",
}

@incollection{Firth:57,
  author =       "John R. Firth",
  title =        "A synopsis of linguistic theory 1930--1955",
  booktitle =    "Selected Papers of J. R. Firth",
  publisher =    "Longman",
  editor =       "F. Palmer",
  address =      "London",
  year =         "1957",
}


@incollection{Firth:57a,
	author = "John R. Firth",
	booktitle = "Papers in Linguistics 1934--1951",
	title = "Modes of Meaning",
	publisher = "Oxford University Press",
	year = "1957",
	address = "London"
}

@inproceedings{Geffet:05,
  author =	 {Maayan Geffet and Ido Dagan},
  title =	 {The Distributional Inclusion Hypotheses and Lexical
                  Entailment },
  year =	 2005,
  booktitle =	 { Proceedings of the 43rd Annual Meeting of the
                  Association for Computational Linguistics (ACL'05)},
  address =	 {University of Michigan},
}	

@article{Girard:87,
	author = "J.~Y.~Girard",
	year = "1987",
	title = "Linear Logic",
	journal = "Theoretical Computer Science",
	pages = "1--102",
	volume = "50"
}


@incollection{Girard:95,
	author="J.~Y.~Girard",
	year = "1995",
	title="Geometry of Interaction {III}: Accommodating the Additives",
	booktitle="Advances in Linear Logic",
	editor = "J.~Y.~Girard and Y.~Lafont and L.~Regnier",
	pages = "329--389",
	publisher = "Cambridge University Press"
}

@InProceedings{Glickman:05,
	author = "Oren Glickman and Ido Dagan",
	title = "A Probabilistic Setting and Lexical Cooccurrence Model for Textual Entailment",
	booktitle = "ACL-05 Workshop on Empirical Modeling of Semantic Equivalence and Entailment",
	year = "2005",
}

@Book{Grefenstette:94,
  author =	"Gregory Grefenstette",
  title =	"Explorations in automatic thesaurus discovery",
  publisher =	"Kluwer Academic Publishers",
  address =	"Dordrecht, NL",
  year = 	"1994",
}

@Article{Hajek:98,
  author =	"Petr H\'{a}jek",
  title =	"Basic fuzzy logic and {BL}-algebras",
  journal =	"Soft Computing---A Fusion of Foundations,
		 Methodologies and Applications",
  year = 	"1998",
  volume =	"2",
  number =	"3",
  pages =	"124--128",
  month =	sep,
}


@book{Harris:68,
	author = "Zellig Harris",
	title = "Mathematical Structures of Language",
	year = "1968",
	publisher = "Wiley, New York"
}

@incollection{Harris:85,
	author = "Zellig Harris",
	title = "Distributional Structure",
	booktitle = "The Philosophy of Linguistics",
	editor = "Jerrold J.~Katz",
	year = "1985",
	pages = "26--47",
	publisher = "Oxford University Press"
}

@inproceedings{Herrera:05,
	author = "Jes\'us Herrera and Anselmo Pe\~nas and Felisa Verdejo",
	title = "Textual Entailment Recognition Based on Dependency Analysis and WordNet",
	booktitle = "Proceedings of the Recognising Textual Entailment Challenge",
	year = "2005",
}

@book{Hinman:05,
	author = "P.~Hinman",
	title = "Fundamentals of Mathematical Logic",
	publisher = "A.~K.~Peters",
	year = "2005"
}

@InProceedings{Hickl:06,
  title =       "Recognizing Textual Entailment with {LCC}'s Groundhog System",
  author =      "Andrew Hickl and John Williams and Jeremy Bensley and Kirk Roberts and Bryan Rink and Ying Shi",
  year =        "2006",
  booktitle =   "Proceedings of the Second PASCAL
Challenges Workshop",
}

@InProceedings{Hindle:90,
  title =	"Noun Classification from Predicate-Argument
		 Structures",
  author =	"Donald Hindle",
  booktitle = "Proceedings of the 28th annual meeting on Association for Computational Linguistics",
  year = 	"1990",
  bibdate =	"2002-01-03",
  bibsource =	"DBLP,
		 http://dblp.uni-trier.de/db/conf/acl/acl90.html#Hindle90",
  pages =	"268--275",
}

@InProceedings{Hofmann:99,
  author =	"Thomas Hofmann",
  title =	"Probabilistic latent semantic analysis",
  booktitle =	"Proceedings of the 15th Conference on Uncertainty in
		 AI",
  year = 	"1999",
  publisher =	"Morgan Kaufmann",
  pages =	"289--296",
  citeseer =	"http://citeseer.ist.psu.edu/hofmann99probabilistic.html",
}

@incollection{Honeybone:05,
	editor="S.~Chapman and C.~Routledge",
	booktitle="Key Thinkers in Linguistics and the Philosophy of Language",
	publisher="Edinburgh University Press",
	author="Patrick Honeybone",
	title={{J.~R.~Firth}},
	year="2005"
}

@Book{Howie:91,
 author = "J. M. Howie",
 title = "Automata and Languages",
 publisher = "Oxford Science Publications",
 year = "1991"
}

@Book{Howie:76,
  author =       "J. M. Howie",
  title =        "An Introduction to Semigroup Theory",
  publisher =    "Academic Press",
  address =      "London",
  year =         "1976",
  ISBN =         "0-12-356950-8",
  descriptor =   "Aequivalenz, Gruppe, Halbgruppe, Invers, Orthodox,
                 Regulaer",
}

@Article{Iwanska:93,
    title = {Logical Reasoning in Natural Language: It Is All About Knowledge},
    author = {{\L}ucja Iwanska},
    year = {1993},
    journal = {International Journal of of Minds and Machines},
    volume = {3(4)}
}


@inproceedings{Jiang:97,
  title =       "Semantic Similarity Based on Corpus Statistics and
                 Lexical Taxonomy",
  author =      "Jay J. Jiang and David W. Conrath",
  booktitle="Proceedings of the International Conference on Research in Computational Linguistics",
  year="1998",
}

@Book{Kamp:93,
  author =      "Hans Kamp and Uwe Reyle",
  title =       "From Discourse to Logic: Introduction to
                 Modeltheoretic Semantics of Natural Language, Formal
                 Logic and Discourse Representation Theory",
  publisher =   "Kluwer, Dordrecht",
  year =        "1993",
  volume =      "42",
  series =      "Studies in linguistics and philosophy",
}


@PhdThesis{Kaplan:00,
  title =	"A computational model of belief",
  author =	"Aaron Nathan Kaplan",
  year = 	"2000",
  bibsource =	"OAI-PMH server at alcme.oclc.org",
  description =  "Typescript (photocopy).; Includes vita and abstract.;
		 Thesis (Ph. D.)--University of Rochester. Dept. of
		 Computer Science, 2000.; Includes bibliographical
		 references (leaves 148-154).",
  oai =  	"oai:xtcat.oclc.org:OCLCNo/ocm45547311",
  school =	"University of Rochester. Dept. of Computer Science",
}

@InProceedings{Kilgarriff:03,
  author = 	 {Adam Kilgarriff},
  title = 	 {Thesauruses for Natural Language Processing},
  booktitle = 	 {Proceedings of the Joint Conference on Natural Language Processing and Knowledge Engineering},
  pages =	 {5--13},
  year =	 2003,
  address =	 {Beijing, China}
}


@InProceedings{Klein:03,
  author =	"Dan Klein and Christopher D. Manning",
  title =	"Accurate Unlexicalized Parsing",
  booktitle =	"Proceedings of the 41st Annual Meeting of the
		 Association for Computational Linguistics",
  year = 	"2003",
}

@Book{Kreyszig:89,
  author =      "Erwin Kreyszig",
  title =       "Introduction to Functional Analysis with
                 Applications",
  publisher =   "Robert E. Krieger Publishing Company",
  address =     "Malabar, Florida",
  year =        "1989",
}

@InProceedings{Kundu:94,
  author =	"S. Kundu and J. Chen",
  title =	"Fuzzy logic or {Lukasiewicz} logic: a clarification",
  pages =	"56--64",
  ISBN = 	"3-540-58495-1",
  editor =	"Zbigniew W. Ra{\'s} and Maria Zemankova",
  booktitle =	"Proceedings of the 8th International Symposium on
		 Methodologies for Intelligent Systems",
  month =	oct,
  series =	"LNAI",
  volume =	"869",
  publisher =	"Springer",
  address =	"Berlin",
  year = 	"1994",
}

@book{Kyburg:01,
  author =	"Henry E. Kyburg and Choh Man Teng",
  title = "Uncertain Inference",
  year = "2001",
  publisher = "Cambridge University Press"
}

@InProceedings{Lafferty:92,
  author =       "John Lafferty and Daniel Sleator and Davy Temperley",
  title =        "Grammatical trigrams: {A} probabilistic model of
                 {LINK} Grammar",
  pages =        "89--97",
  booktitle =    "Proc.\ of the AAAI Fall Symposium on Probabilistic
                 Approaches to Natural Language. Cambridge, MA, 1992",
  year =         "1992",
  publisher =    "AAAI Press",
  address =      "Menlo Park, CA",
  keywords =     "dependency grammar, n-gram model, probabilistic
                 grammar",
}

@Article{Lambek:58,
  author =       "J.~Lambek",
  title =        "The mathematics of sentence structure",
  journal =      "American Mathematical Monthly",
  volume =       "65",
  year =         "1958",
  pages =        "154--169"
}

@InCollection{Lambek:93,
  author =      "J.~Lambek",
  title =       "From Categorial Grammar to Bilinear Logic",
  booktitle =   "Substructural Logics",
  publisher =   "Oxford Univ.\null{} Press",
  year =        "1993",
  editor =      "Kosta Do{\v{s}}en and Peter Schroeder-Heister",
  pages =       "207--238",
}

@Article{Lambek:01,
  title =       "Type Grammars as Pregroups",
  author =      "Joachim Lambek",
  journal =     "Grammars",
  year =        "2001",
  number =      "1",
  volume =      "4",
  bibdate =     "2002-01-03",
  bibsource =   "DBLP,
                 http://dblp.uni-trier.de/db/journals/grammars/grammars4.html#Lambek01",
  pages =       "21--39",
}

@InProceedings{Lee:99,
  author = 	 {Lillian Lee},
  title = 	 {Measures of Distributional Similarity},
  booktitle = 	 {Proceedings of the 37th Annual Meeting of the Association for Computational Linguistics (ACL-1999)},
  pages =        {23--32},
  year =	 1999
}

@inproceedings{Lin:98,
	author = "Dekang Lin",
	title = "Dependency-based Evaluation of MINIPAR",
	book = "Workshop on the Evaluation of Parsing Systems, Granada, Spain",
	year = "1998",
}

@InProceedings{Lin:98a,
  author = 	 {Dekang Lin},
  title = 	 {Automatic Retrieval and Clustering of Similar Words},
  booktitle = 	 {Proceedings of the 36th Annual Meeting of the Association for Computational Linguistics and the 17th International Conference on Computational Linguistics (COLING-ACL '98)},
  year =	 1998,
  pages =        {768--774},
  address =      {Montreal},
}

@InProceedings{Lin:01,
  author =	"Dekang Lin and Patrick Pantel",
  title =	"{DIRT} --- Discovery of Inference Rules from Text",
  pages =	"323--328",
  editor =	"Foster Provost and Ramakrishnan Srikant",
  booktitle =	"Proceedings of the Seventh {ACM} {SIGKDD}
		 International Conference on Knowledge Discovery and
		 Data Mining ({KDD}-01)",
  month =	aug # " ~26--29",
  publisher =	"ACM Press",
  address =	"New York",
  year = 	"2001",
}

@Article{Lodhi:02,
  author =      "Huma Lodhi and Craig Saunders and John Shawe-Taylor
                 and Nello Cristianini and Chris Watkins",
  title =       "Text Classification using String Kernels",
  journal =     "Journal of Machine Learning Research",
  volume =      "2",
  year =        "2002",
  pages =       "419--444",
}


@Book{Manning:99,
  title =       "Foundations of Statistical Natural Language
                 Processing",
  publisher =   "MIT Press",
  year =        "1999",
  author =      "Christopher Manning and Hinrich Sch{\"u}tze",
  address =     "Cambridge, MA",
  topics =      "source:serge",
}

@Book{Marcus:67,
 author = "Solomon Marcus",
 title = "Algebraic Linguistics; Analytical Models",
 publisher = "Academic Press",
 year = "1967",
 address = "New York and London"
}

@inproceedings{McCarthy:04,
 author = {Diana McCarthy and Rob Koeling and Julie Weeds and John Carroll},
 title = {Finding predominant word senses in untagged text},
 booktitle = {ACL '04: Proceedings of the 42nd Annual Meeting on Association for Computational Linguistics},
 year = {2004},
 pages = {279},
 location = {Barcelona, Spain},
 doi = {http://dx.doi.org/10.3115/1218955.1218991},
 publisher = {Association for Computational Linguistics},
 address = {Morristown, NJ, USA},
 }


@inproceedings{McCarthy:03,
  title =	"Detecting a Continuum of Compositionality in Phrasal
		 Verbs.",
  author =	"Diana Mccarthy and Bill Keller and John Carroll",
  year = 	"2003",
  booktitle = "Proceedings of the ACL-SIGLEX Workshop on Multiword Expressions: Analysis, Acquisition and Treatment",
  location = "Sapporo, Japan"
}

@Article{Munn:74,
  author =       "W. D. Munn",
  title =        "Free Inverse Semigroup",
  journal =      "Proceedings of the London Mathematical Society",
  year =         "1974",
  volume =       "29",
  pages =        "385--404",
}

@Misc{National:98,
  author =	 {{National Library of Medicine}},
  title =	 {{UMLS Knowledge Sources}},
  howpublished = {{National Library of Medicine, U.S. Dept. of Health and Human Services, 8th edition}},
  year =	 1998
}

@InProceedings{Nielson:06,
  title =       "Toward Dependency Path based Entailment",
  author =      "Rodney D.~Nielson and Wayne Ward and James H.~Martin",
  publisher =   "The Association for Computer Linguistics",
  year =        "2006",
  booktitle =   "Proceedings of the Second PASCAL
Challenges Workshop",
}

@Article{Nilsson:86,
  author =	"N. Nilsson",
  title =	"Probabilistic Logic",
  journal =	"Artificial Intelligence",
  volume =	"28",
  year = 	"1986",
  pages =	"71--87",
}

@InProceedings{Papadimitriou:98,
  author =	"Christos H. Papadimitriou and Prabhakar Raghavan and
		 Hisao Tamaki and Santosh Vempala",
  year = 	"1998",
  address =	"Seattle, Washington",
  booktitle =	"Proceedings of the Seventeenth ACM
		 SIGACT-SIGMOD-SIGART Symposium on Principles of
		 Database Systems",
  editor =	"Laura Haas and Ashutosh Tiwary",
  pages =	"159--168",
  publisher =	"ACM Press",
  type = 	"InProceedings",
  volume =	"27",
  title =	"Latent semantic indexing: {A} probabilistic analysis",
}

@InProceedings{Pekar:03,
  title = "Word classification based on combined measures of distributional and semantic similarity",
  booktitle = "Proc. Research Notes of the 10th Conference of the European Chapter of the Association for Computational Linguistics, April 12-17, Budapest, Hungary",
  year = "2003",
  author = "Viktor Pekar and Steffen Staab"
}

@Article{Pentus:95,
  author =       "Mati Pentus",
  title =        "Models for the Lambek Calculus",
  journal =      "Annals of Pure and Applied Logic",
  volume =       "75",
  year =         "1995",
  pages =        "179--213"
}


@InProceedings{Pereira:93,
  author =       "Fernando Pereira and Naftali Tishby and Lillian Lee",
  title =        "Distributional Clustering of {English} Words",
  booktitle =    "Proceedings of {ACL}-93",
  year =         "1993",
  annote =       "Keywords: word classes, cluster analysis, simulated
                 annealing",
}

@inproceedings{Purandare:04,
  author    = {Amruta Purandare and
               Ted Pedersen},
  title     = {SenseClusters - Finding Clusters that Represent Word Senses.},

  year      = {2004},
  pages     = {1030-1031},
  crossref  = {DBLP:conf/aaai/2004},
  bibsource = {DBLP, http://dblp.uni-trier.de}
}

@proceedings{DBLP:conf/aaai/2004,
  booktitle     = {Proceedings of the Nineteenth National Conference on Artificial
               Intelligence, Sixteenth Conference on Innovative Applications
               of Artificial Intelligence, July 25-29, 2004, San Jose,
               California, USA},

  year      = {2004},
  isbn      = {0-262-51183-5},
  bibsource = {DBLP, http://dblp.uni-trier.de}
}

.........................
.......RTE 1 Papers......


@inproceedings{Akhmatova:05,
	author = "Elena Akhmatova",
	title = "Textual Entailment Resolution via Atomic Propositions",
	crossref = "RTE1"
}

@inproceedings{Bayer:05,
	title = "{MITRE}'s Submissions to the {EU} Pascal {RTE} Challenge",
	author = "Samuel Bayer and John Burger and Lisa Ferro and John Henderson and Alexander Yeh",
	crossref = "RTE1"
}

@inproceedings{Dagan:05,
	author = "Ido Dagan and Oren Glickman and Bernardo Magnini",
	title = "The PASCAL Recognising Textual Entailment Challenge",
	booktitle = "Proceedings of the  PASCAL Challenges Workshop on Recognising Textual Entailment",
	year = "2005",
}
crossref = "RTE1"


@inproceedings{Delmonte:05,
	title = "{VENSES} - a Linguistically-Based System for Semantic Evaluation",
	author = "Rodolfo Delmonte and Sara Tonelli and Marco Aldo Piccolino Boniforti and Antonella Bristot and Emanuele Pianta",
	crossref = "RTE1"
}

@inproceedings{Fowler:05,
	title = "Applying {COGEX} to Recognize Textual Entailment",
	author = "Abraham Fowler and Bob Hauser and Daniel Hodges and Ian Niles and Adrian Novischi and Jens Stephan",
	crossref = "RTE1"
}

@inproceedings{Raina:05,
	title = "Robust Textual Inference using Diverse Knowledge Sources",
	author = "Rajat Raina and Aria Haghighi and Christopher Cox and Jenny Finkel and Jeff Michels and Kristina Toutanova and Bill MacCartney and Marie-Catherine de Marneffe and Christopher D. Manning and Andrew Y. Ng",
	crossref = "RTE1"
}

@proceedings{RTE1,
	title = "Proceedings of the  PASCAL Challenges Workshop on Recognising Textual Entailment",
	editor = "Ido Dagan and Oren Glickman and Bernardo Magnini",
	year = "2005",
}
...End of RTE 1 Papers...
.........................

@Article{Rada:89,
  key =  	"Rada et al.",
  author =	"R.~Rada and H.~Mili and E.~Bicknell and M.~Blettner",
  title =	"Development and Application of a Metric on Semantic
		 Nets",
  journal =	"IEEE Transactions on Systems, Man, and Cybernetics",
  pages =	"17--30",
  volume =	"19",
  number =	"1",
  month =	jan # "-" # feb,
  year = 	"1989",
  location =	"CMU E\&{}S Library",
}

@InProceedings{Resnik:95,
  title =	"Using Information Content to Evaluate Semantic
		 Similarity in a Taxonomy",
  author =	"Philip Resnik",
  year = 	"1995",
  bibdate =	"2002-01-03",
  bibsource =	"DBLP,
		 http://dblp.uni-trier.de/db/conf/ijcai/ijcai95.html#Resnik95",
  booktitle =	"IJCAI",
  pages =	"448--453",
}

@Article{Schutze:98,
  author =       "Heinrich Sch{\"u}tze",
  title =        "Automatic Word Sense Discrimination",
  journal =      "Computational Linguistics",
  year =         "1998",
  volume =       "24",
  number =       "1",
  pages =        "97--123",
  topic =        "lexical-disambiguation;",
}

@Article{Sahlgren:02,
  author =      "Magnus Sahlgren and Jussi Karlgren",
  title =       "Vector-Based Semantic Analysis Using Random Indexing
                 for Cross-Lingual Query Expansion",
  journal =     "Lecture Notes in Computer Science",
  volume =      "2406",
  pages =       "169--176",
  year =        "2002",
}

@techreport{Sleator:91,
    author = "Daniel D.~Sleator and Davy Temperley",
    title = "Parsing English with a Link Grammar",
    institution = "Department of Computer Science, Carnegie Mellon University",
    year = "1991",
    number = "CMU-CS-91-196"
}

@InProceedings{Sleator:93,
  author =      "Daniel D.~Sleator and Davy Temperley",
  year =        "1993",
  month =       aug,
  booktitle =   "The Third International Workshop on Parsing
                 Technologies",
  title =       "Parsing English with a Link Grammar",
}

@InProceedings{Tatu:06,
  title =       "A Logic-Based Semantic Approach to Recognizing Textual
                 Entailment",
  author =      "Marta Tatu and Dan I. Moldovan",
  publisher =   "The Association for Computer Linguistics",
  year =        "2006",
  bibdate =     "2006-11-03",
  bibsource =   "DBLP,
                 http://dblp.uni-trier.de/db/conf/acl/acl2006.html#TatuM06",
  booktitle =   "ACL",
}



@book{Voiculescu:97,
	author ="Dan-Virgil Voiculescu",
	title = "Free Probability Theory",
	year = "1997",
	publisher = "American Mathematical Society"
}

@PhdThesis{Weeds:03,
  author = 	 {Julie Weeds},
  title = 	 {Measures and Applications of Lexical Distributional Similarity},
  school = 	 {Department of Informatics, University of Sussex},
  year = 	 {2003}
}

@inproceedings{Weeds:04,
    title = {Characterising Measures of Lexical Distributional Similarity.},
    author = {Julie Weeds and David Weir and Diana McCarthy.},
    crossref = {coling04}
}
@proceedings{coling04,
    booktitle = {Proceedings of the 20th International Conference of Computational Linguistics,
            COLING-2004, Geneva, Switzerland.},
    year = {2004}
}

@inproceedings{Widdows2:03,
	author = {Dominic Widdows},
	title = {A Mathematical Model for Context and Word-Meaning},
	booktitle = {Fourth International and Interdisciplinary Conference on Modelling and Using Context, Stanford, California},
	year = {2003},
	pages = {369--382},
	
}

@inproceedings{Widdows:03,
  author    = {Dominic Widdows},
  title     = {Orthogonal Negation in Vector Spaces for Modelling Word-Meanings
               and Document Retrieval.},
  crossref = {ACL:03},
  year      = {2003},
  pages     = {136-143},
  ee        = {http://acl.ldc.upenn.edu/acl2003/main/pdfs/Widdows.pdf},
  bibsource = {DBLP, http://dblp.uni-trier.de}
}
@proceedings{ACL:03,
	booktitle = {Proceedings of the 41st Annual Meeting of the Association of Computational Linguistics, 2003, Sapporo, Japan},
	year = {2003}
}

@book{Widdows:04,
	author = "Dominic Widdows",
	title = "Geometry and Meaning",
	publisher = "Center for the Study of Language and Information",
	year = "2004",
	address = "Stanford"
}

@article{Williams:90,
author = {Peter Williams},
title = {Averaging and Eliciting Expert Opinion},
journal = {Artificial Intelligence},
year = {1990}
}

@Book{Wittgenstein:53,
  author =       "Ludwig Wittgenstein",
  title =        "Philosophical Investigations",
  year =         "1953",
  publisher =    "Macmillan",
  note =         "G. Anscombe, translator",
  address =      "New York"
}

@Book{Wood:93,
	author = "Mary McGee Wood",
	title = "Categorial Grammars",
	year = "1993",
	publisher = "Routledge",
	address = "London"
}

@InProceedings{Zanzotto:06,
  title =       "Learning textual entailment from examples",
  author =      "F.~M.~Zanzotto and A.AMoschitti and M.~Pennacchiotti and M.~T.~Pazienza",
  year =        "2006",
  booktitle =   "Proceedings of the Second PASCAL
Challenges Workshop",
}       


